<record><leader>00000cas a2200000 a 4500</leader><controlfield tag="001">12727529</controlfield><controlfield tag="008">851028d18881899ksuwr ne      0    0eng d</controlfield><datafield ind1=" " ind2=" " tag="010"><subfield code="a">sn 85066765 </subfield></datafield><datafield ind1=" " ind2=" " tag="040"><subfield code="a">KSH</subfield><subfield code="b">eng</subfield><subfield code="c">KSH</subfield><subfield code="d">NPT</subfield><subfield code="d">OCL</subfield><subfield code="d">OCLCQ</subfield></datafield><datafield ind1=" " ind2=" " tag="042"><subfield code="a">msc</subfield></datafield><datafield ind1="0" ind2="4" tag="245"><subfield code="a">The Weskansan.</subfield></datafield><datafield ind1="1" ind2="3" tag="246"><subfield code="a">Weekly Weskansan</subfield><subfield code="f">Jan. 12-26, 1889</subfield></datafield><datafield ind1=" " ind2=" " tag="260"><subfield code="a">Weskan, Kan. :</subfield><subfield code="b">Weskan Pub. Co.,</subfield><subfield code="c">1888-1899.</subfield></datafield><datafield ind1=" " ind2=" " tag="300"><subfield code="a">11 v. :</subfield><subfield code="b">ill. ;</subfield><subfield code="c">54 cm.</subfield></datafield><datafield ind1=" " ind2=" " tag="310"><subfield code="a">Weekly</subfield></datafield><datafield ind1="0" ind2=" " tag="362"><subfield code="a">Vol. 1, no. 1 (Dec. 6, 1888)-v. 11, no. 47 (Oct. 28 A.D., 1899).</subfield></datafield><datafield ind1=" " ind2=" " tag="500"><subfield code="a">Published by: M. Scott, Feb. 9-Apr. 13, 1889; Ed. Carter, Apr. 20, 1889-Oct. 28, 1899.</subfield></datafield><datafield ind1=" " ind2=" " tag="752"><subfield code="a">United States</subfield><subfield code="b">Kansas</subfield><subfield code="c">Wallace</subfield><subfield code="d">Weskan.</subfield></datafield><datafield ind1="0" ind2="4" tag="785"><subfield code="t">Western times (Sharon Springs, Kan. : 1892)</subfield><subfield code="w">(DLC)sn 85066725</subfield></datafield><datafield ind1="1" ind2=" " tag="029"><subfield code="a">AU@</subfield><subfield code="b">000022170372</subfield></datafield></record>